<?xml version="1.0" encoding="UTF-8"?><collection xmlns="http://www.loc.gov/MARC21/slim"><record><leader>00519nam--2200133-i-4500</leader><controlfield tag="001">000007207</controlfield><controlfield tag="002">20161230</controlfield><controlfield tag="005">20170302175217</controlfield><controlfield tag="008">060222s1000------------r-----000-0-eng-d</controlfield><datafield ind1=" " ind2=" " tag="245"><subfield code="a">Boron-nitrogen chemistry. An international symposium sponsored by U.S.Army Research Office-Durham at Duke University, Durham, N.C., April 23-25, 1963. Kurt Niedenzu, symposium chairman</subfield></datafield><datafield ind1=" " ind2=" " tag="260"><subfield code="a">Washington</subfield><subfield code="b">American Chemical Society</subfield><subfield code="c">1964</subfield></datafield><datafield ind1=" " ind2=" " tag="300"><subfield code="a">X + 330 p</subfield></datafield><datafield ind1=" " ind2=" " tag="490"><subfield code="a">Advances In Chemistry Series</subfield></datafield><datafield ind1=" " ind2=" " tag="CAT"><subfield code="a">SYS</subfield><subfield code="c">20170302</subfield><subfield code="h">175217</subfield></datafield></record></collection>